@misc{gal_2018, title={The Tangle: an Illustrated Introduction â€“ IOTA}, url={https://blog.iota.org/the-tangle-an-illustrated-introduction-4d5eae6fe8d4}, journal={IOTA}, publisher={IOTA}, author={Gal, Alon}, year={2018}, month={Jan}}
@misc{pow_tangle, title={PoW on the Tangle}, url={https://docs.iota.org/introduction/tangle/proof-of-work}, journal={Making a Transaction - IOTA Docs}}
@misc{iota_presentation, title={IOTA Transactions, Confirmation and Consensus}, url={https://github.com/noneymous/iota-consensus-presentation}, journal={IOTA Presentations}}
@misc{iota_confirm, title={Confirmation Rate in the Tangle}, url={https://blog.iota.org/confirmation-rates-in-the-tangle-186ef02878bb}, journal={IOTA Foundation}}
@misc{iota_collision, title={Cryptographic vulnerabilities in IOTA}, url={https://medium.com/@neha/cryptographic-vulnerabilities-in-iota-9a6a9ddc4367}, journal={IOTA Blogs}}
@misc{iota_proof, title={On the Tangle, White Papers, Proofs, Airplanes, and Local Modifiers}, url={https://blog.iota.org/on-the-tangle-white-papers-proofs-airplanes-and-local-modifiers-44683aff8fea}, journal={IOTA Foundation}}
@article{popov2016tangle,
  title={The tangle},
  author={Popov, Serguei},
  journal={cit. on},
  pages={131},
  year={2016}
}
@article{katz1953new,
  title={A new status index derived from sociometric analysis},
  author={Katz, Leo},
  journal={Psychometrika},
  volume={18},
  number={1},
  pages={39--43},
  year={1953},
  publisher={Springer}
}
@article{nathan2018incrementally,
  title={Incrementally updating Katz centrality in dynamic graphs},
  author={Nathan, Eisha and Bader, David A},
  journal={Social Network Analysis and Mining},
  volume={8},
  number={1},
  pages={26},
  year={2018},
  publisher={Springer}
}
